<?xml version="1.0" encoding="UTF-8"?>
  <record xmlns="http://www.loc.gov/MARC21/slim" type="Authority">
    <leader>00000nz  a2200000oc 4500</leader>
    <controlfield tag="001">141894318</controlfield>
    <controlfield tag="003">DE-101</controlfield>
    <controlfield tag="005">20201221202321.0</controlfield>
    <controlfield tag="008">100726n||aznnnaabn           | aaa    |c</controlfield>
    <datafield tag="024" ind1="7" ind2=" ">
      <subfield code="a">141894318</subfield>
      <subfield code="0">http://d-nb.info/gnd/141894318</subfield>
      <subfield code="2">gnd</subfield>
    </datafield>
    <datafield tag="035" ind1=" " ind2=" ">
      <subfield code="a">(DE-101)141894318</subfield>
    </datafield>
    <datafield tag="035" ind1=" " ind2=" ">
      <subfield code="a">(DE-588)141894318</subfield>
    </datafield>
    <datafield tag="035" ind1=" " ind2=" ">
      <subfield code="z">(DE-588a)141894318</subfield>
      <subfield code="9">v:zg</subfield>
    </datafield>
    <datafield tag="040" ind1=" " ind2=" ">
      <subfield code="a">DE-547</subfield>
      <subfield code="c">DE-547</subfield>
      <subfield code="9">r:DE-601</subfield>
      <subfield code="b">ger</subfield>
      <subfield code="d">9999</subfield>
    </datafield>
    <datafield tag="042" ind1=" " ind2=" ">
      <subfield code="a">gnd3</subfield>
    </datafield>
    <datafield tag="075" ind1=" " ind2=" ">
      <subfield code="b">p</subfield>
      <subfield code="2">gndgen</subfield>
    </datafield>
    <datafield tag="075" ind1=" " ind2=" ">
      <subfield code="b">piz</subfield>
      <subfield code="2">gndspec</subfield>
    </datafield>
    <datafield tag="079" ind1=" " ind2=" ">
      <subfield code="a">g</subfield>
      <subfield code="q">f</subfield>
      <subfield code="q">a</subfield>
    </datafield>
    <datafield tag="100" ind1="0" ind2=" ">
      <subfield code="a">Johannetta</subfield>
      <subfield code="c">Nassau-Dillenburg, Gräfin</subfield>
      <subfield code="d">1561-1622</subfield>
    </datafield>
    <datafield tag="400" ind1="1" ind2=" ">
      <subfield code="a">Sayn-Wittgenstein, Johanetta &#152;zu&#156;</subfield>
      <subfield code="d">1561-1622</subfield>
    </datafield>
    <datafield tag="400" ind1="0" ind2=" ">
      <subfield code="a">Johanetta</subfield>
      <subfield code="c">Nassau-Dillenburg, Gräfin</subfield>
      <subfield code="d">1561-1622</subfield>
    </datafield>
    <datafield tag="400" ind1="1" ind2=" ">
      <subfield code="a">Sayn-Wittgenstein, Johannetta &#152;zu&#156;</subfield>
      <subfield code="d">1561-1622</subfield>
    </datafield>
    <datafield tag="400" ind1="0" ind2=" ">
      <subfield code="a">Johanette</subfield>
      <subfield code="c">Nassau-Dillenburg, Gräfin</subfield>
      <subfield code="d">1561-1622</subfield>
    </datafield>
    <datafield tag="400" ind1="1" ind2=" ">
      <subfield code="a">Sayn-Wittgenstein, Johanette &#152;zu&#156;</subfield>
      <subfield code="d">1561-1622</subfield>
    </datafield>
    <datafield tag="400" ind1="0" ind2=" ">
      <subfield code="a">Johannette</subfield>
      <subfield code="c">Nassau-Dillenburg, Gräfin</subfield>
      <subfield code="d">1561-1622</subfield>
    </datafield>
    <datafield tag="400" ind1="1" ind2=" ">
      <subfield code="a">Sayn-Wittgenstein, Johannette &#152;zu&#156;</subfield>
      <subfield code="d">1561-1622</subfield>
    </datafield>
    <datafield tag="500" ind1="0" ind2=" ">
      <subfield code="0">(DE-101)119521296</subfield>
      <subfield code="0">(DE-588)119521296</subfield>
      <subfield code="0">https://d-nb.info/gnd/119521296</subfield>
      <subfield code="a">Johann</subfield>
      <subfield code="b">VI.</subfield>
      <subfield code="c">Nassau-Dillenburg, Graf</subfield>
      <subfield code="d">1536-1606</subfield>
      <subfield code="4">bezf</subfield>
      <subfield code="4">https://d-nb.info/standards/elementset/gnd#familialRelationship</subfield>
      <subfield code="w">r</subfield>
      <subfield code="i">Beziehung familiaer</subfield>
      <subfield code="e">Beziehung familiaer</subfield>
      <subfield code="9">v:Ehemann</subfield>
    </datafield>
    <datafield tag="500" ind1="1" ind2=" ">
      <subfield code="0">(DE-101)132988054</subfield>
      <subfield code="0">(DE-588)132988054</subfield>
      <subfield code="0">https://d-nb.info/gnd/132988054</subfield>
      <subfield code="a">Sayn-Wittgenstein, Ludwig &#152;zu&#156;</subfield>
      <subfield code="c">der Ältere</subfield>
      <subfield code="d">1532-1605</subfield>
      <subfield code="4">bezf</subfield>
      <subfield code="4">https://d-nb.info/standards/elementset/gnd#familialRelationship</subfield>
      <subfield code="w">r</subfield>
      <subfield code="i">Beziehung familiaer</subfield>
      <subfield code="e">Beziehung familiaer</subfield>
      <subfield code="9">v:Vater</subfield>
    </datafield>
    <datafield tag="548" ind1=" " ind2=" ">
      <subfield code="a">1561-1622</subfield>
      <subfield code="4">datl</subfield>
      <subfield code="4">https://d-nb.info/standards/elementset/gnd#dateOfBirthAndDeath</subfield>
      <subfield code="w">r</subfield>
      <subfield code="i">Lebensdaten</subfield>
    </datafield>
    <datafield tag="548" ind1=" " ind2=" ">
      <subfield code="a">15.02.1561-03.04.1622</subfield>
      <subfield code="4">datx</subfield>
      <subfield code="4">https://d-nb.info/standards/elementset/gnd#dateOfBirthAndDeath</subfield>
      <subfield code="w">r</subfield>
      <subfield code="i">Exakte Lebensdaten</subfield>
    </datafield>
    <datafield tag="551" ind1=" " ind2=" ">
      <subfield code="0">(DE-101)04012326X</subfield>
      <subfield code="0">(DE-588)4012326-1</subfield>
      <subfield code="0">https://d-nb.info/gnd/4012326-1</subfield>
      <subfield code="a">Dillenburg</subfield>
      <subfield code="4">orts</subfield>
      <subfield code="4">https://d-nb.info/standards/elementset/gnd#placeOfDeath</subfield>
      <subfield code="w">r</subfield>
      <subfield code="i">Sterbeort</subfield>
    </datafield>
    <datafield tag="670" ind1=" " ind2=" ">
      <subfield code="a">Europ. Stammtafeln, Bd. 27, Nr. 137</subfield>
    </datafield>
    <datafield tag="678" ind1=" " ind2=" ">
      <subfield code="b">Dritte Gemahlin (Hochzeit am 14.6.1586) des Grafen Johann VI. von Nassau-Dillenburg; Tochter des Grafen Ludwig I. zu Sayn-Wittgenstein (1532-1605)</subfield>
    </datafield>
    <datafield tag="913" ind1=" " ind2=" ">
      <subfield code="S">pnd</subfield>
      <subfield code="i">5</subfield>
      <subfield code="a">Johannetta &lt;Nassau-Dillenburg, Gräfin&gt;</subfield>
      <subfield code="0">(DE-588a)141894318</subfield>
    </datafield>
  </record>
